@misc{data,
    title={Generating Personalized Recipes from Historical User Preferences},
    author={Bodhisattwa Prasad Majumder and Shuyang Li and Jianmo Ni and Julian McAuley},
    year={2019},
    eprint={1909.00105},
    archivePrefix={arXiv},
    primaryClass={cs.CL}
}
@misc{data_scraper,
    title={Recipe Personalization},
    publisher = {GitHub},
    journal = {GitHub repository},
    howpublished = {\url{https://github.com/majumderb/recipe-personalization}},    author={Bodhisattwa Prasad Majumder and Shuyang Li and Jianmo Ni and Julian McAuley},
    year={2019}
}
@mastersthesis{mf,
  author       = {Sai Bharath Goda}, 
  title        = {Recommender system for recipes},
  school       = {Kansas State University},
  year         = 2014,
  month        = 5,
}
@mastersthesis{india,
  author       = {Anirudh Jagithyala}, 
  title        = {Recommending recipes based on ingredients and user reviews},
  school       = {Kansas State University},
  year         = 2014,
  month        = 5,
}